%% This BibTeX bibliography file was created using BibDesk.
%% http://bibdesk.sourceforge.net/


%% Created for xma at 2011-04-22 12:10:35 +0800 


%% Saved with string encoding Unicode (UTF-8) 



@inproceedings{youseff:mpi,
	Author = {Lamia Youseff and Rich Wolski and Brent Gorda and Chandra Krintz},
	Booktitle = {Proceedings of the 2nd International Workshop on Virtualization Technology in Distributed Computing},
	Date-Added = {2011-04-15 10:44:17 +0800},
	Date-Modified = {2011-04-15 10:46:57 +0800},
	Title = {{Evaluating the Performance Impact of Xen on MPI and Process Execution For HPC Systems}},
	Year = {2006}}

@misc{Hemsoth:hpc-cloud,
	Author = {Nicole Hemsoth},
	Date-Added = {2011-04-14 10:01:52 +0800},
	Date-Modified = {2011-04-14 10:03:20 +0800},
	Howpublished = {HPC in the Cloud },
	Month = {July},
	Title = {Amazon Adds HPC Capability to EC2 },
	Year = {2010}}

@inproceedings{Huang:hpc-vm,
	Acmid = {1183421},
	Author = {Huang, Wei and Liu, Jiuxing and Abali, Bulent and Panda, Dhabaleswar K.},
	Booktitle = {Proceedings of the 20th International Conference on Supercomputing},
	Date-Added = {2011-04-13 10:02:07 +0800},
	Date-Modified = {2011-04-13 10:03:22 +0800},
	Doi = {http://doi.acm.org/10.1145/1183401.1183421},
	Isbn = {1-59593-282-8},
	Location = {Cairns, Queensland, Australia},
	Numpages = {10},
	Title = {{A Case for High Performance Computing with Virtual Machines}},
	Url = {http://doi.acm.org/10.1145/1183401.1183421},
	Year = {2006},
	Bdsk-Url-1 = {http://doi.acm.org/10.1145/1183401.1183421}}

@inproceedings{figueiredo:grid-vm,
	Author = {Renato J. Figueiredo and Peter A. Dinda and Jos? A. B. Fortes},
	Booktitle = {International Conference on Distributed Computing Systems},
	Date-Added = {2011-04-13 09:53:50 +0800},
	Date-Modified = {2011-04-13 09:55:07 +0800},
	Doi = {http://doi.ieeecomputersociety.org/10.1109/ICDCS.2003.1203506},
	Issn = {1063-6927},
	Title = {{A Case For Grid Computing On Virtual Machines}},
	Year = {2003},
	Bdsk-Url-1 = {http://doi.ieeecomputersociety.org/10.1109/ICDCS.2003.1203506}}

@inproceedings{he:case,
	Acmid = {1851535},
	Address = {New York, NY, USA},
	Author = {He, Qiming and Zhou, Shujia and Kobler, Ben and Duffy, Dan and McGlynn, Tom},
	Booktitle = {Proceedings of the 19th ACM International Symposium on High Performance Distributed Computing},
	Date-Added = {2011-04-12 17:05:49 +0800},
	Date-Modified = {2011-04-12 17:06:42 +0800},
	Doi = {http://doi.acm.org/10.1145/1851476.1851535},
	Isbn = {978-1-60558-942-8},
	Keywords = {benchmarks, cloud computing, high-performance computing},
	Location = {Chicago, Illinois},
	Numpages = {7},
	Publisher = {ACM},
	Title = {{Case Study for Running HPC Applications in Public Clouds}},
	Url = {http://doi.acm.org/10.1145/1851476.1851535},
	Year = {2010},
	Bdsk-Url-1 = {http://doi.acm.org/10.1145/1851476.1851535}}

@inproceedings{jackson:perf-hpc,
	Author = {Keith R. Jackson and Lavanya Ramakrishnan and Krishna Muriki and Shane Canon and Shreyas Cholia and John Shalf and Harvey J. Wasserman and Nicholas J. Wright},
	Booktitle = {IEEE Second International Conference on Cloud Computing Technology and Science},
	Date-Added = {2011-04-12 16:55:13 +0800},
	Date-Modified = {2011-04-13 09:50:16 +0800},
	Doi = {http://doi.ieeecomputersociety.org/10.1109/CloudCom.2010.69},
	Isbn = {978-0-7695-4302-4},
	Title = {{Performance Analysis of High Performance Computing Applications on the Amazon Web Services Cloud}},
	Year = {2010},
	Bdsk-Url-1 = {http://doi.ieeecomputersociety.org/10.1109/CloudCom.2010.69}}

@inproceedings{carlyle:cost,
	Address = {Los Alamitos, CA, USA},
	Author = {Adam G. Carlyle and Stephen L. Harrell and Preston M. Smith},
	Booktitle = {IEEE International Conference on Cloud Computing Technology and Science},
	Date-Added = {2011-04-12 16:38:17 +0800},
	Date-Modified = {2011-04-12 16:39:26 +0800},
	Doi = {http://doi.ieeecomputersociety.org/10.1109/CloudCom.2010.115},
	Isbn = {978-0-7695-4302-4},
	Publisher = {IEEE Computer Society},
	Title = {Cost-Effective HPC: The Community or the Cloud?},
	Year = {2010},
	Bdsk-Url-1 = {http://doi.ieeecomputersociety.org/10.1109/CloudCom.2010.115}}

@inproceedings{li:azure,
	Author = {Jie Li and Humphrey, M. and Agarwal, D. and Jackson, K. and van Ingen, C. and Youngryel Ryu},
	Booktitle = {IEEE International Symposium on Parallel Distributed Processing},
	Date-Added = {2011-04-12 16:29:23 +0800},
	Date-Modified = {2011-04-12 16:30:41 +0800},
	Doi = {10.1109/IPDPS.2010.5470418},
	Issn = {1530-2075},
	Keywords = {Azure virtual machine;Internet;MODIS satellite data reduction pipeline;MODIS satellite data reprojection pipeline;Windows Azure cloud computing platform;cloud-based pipeline;data availability;data-intensive science;eScience;moderate resolution imaging spectroradiometer;science data processing;software architectures;Internet;natural sciences computing;pipeline processing;},
	Title = {{eScience in the Cloud: A MODIS Satellite Data Reprojection and Reduction Pipeline in the Windows Azure Platform}},
	Year = {2010},
	Bdsk-Url-1 = {http://dx.doi.org/10.1109/IPDPS.2010.5470418}}

@article{sterling:forecast,
	Author = {Thomas Sterling and Dylan Stark},
	Date-Added = {2011-04-12 16:06:53 +0800},
	Date-Modified = {2011-04-12 16:07:26 +0800},
	Doi = {http://doi.ieeecomputersociety.org/10.1109/MCSE.2009.111},
	Issn = {1521-9615},
	Journal = {Computing in Science and Engineering},
	Publisher = {IEEE Computer Society},
	Title = {{A High-Performance Computing Forecast: Partly Cloudy}},
	Volume = {11},
	Year = {2009},
	Bdsk-Url-1 = {http://doi.ieeecomputersociety.org/10.1109/MCSE.2009.111}}

@inproceedings{chase:v-cluster,
	Author = {Jeffrey S. Chase and David E. Irwin and Laura E. Grit and Justin D. Moore and Sara E. Sprenkle},
	Booktitle = {International Symposium on High-Performance Distributed Computing},
	Date-Added = {2011-04-12 15:59:41 +0800},
	Date-Modified = {2011-04-12 16:00:47 +0800},
	Doi = {http://doi.ieeecomputersociety.org/10.1109/HPDC.2003.1210019},
	Issn = {1082-8907},
	Publisher = {IEEE Computer Society},
	Title = {{Dynamic Virtual Clusters in a Grid Site Manager}},
	Year = {2003},
	Bdsk-Url-1 = {http://doi.ieeecomputersociety.org/10.1109/HPDC.2003.1210019}}

@inproceedings{deelman:cost,
	Acmid = {1413421},
	Articleno = {50},
	Author = {Deelman, Ewa and Singh, Gurmeet and Livny, Miron and Berriman, Bruce and Good, John},
	Booktitle = {Proceedings of the ACM/IEEE conference on Supercomputing},
	Date-Added = {2011-04-12 15:41:16 +0800},
	Date-Modified = {2011-04-12 15:42:24 +0800},
	Isbn = {978-1-4244-2835-9},
	Location = {Austin, Texas},
	Numpages = {12},
	Title = {{The Cost of Doing Science on the Cloud: the Montage Example}},
	Url = {http://portal.acm.org/citation.cfm?id=1413370.1413421},
	Year = {2008},
	Bdsk-Url-1 = {http://portal.acm.org/citation.cfm?id=1413370.1413421}}

@inproceedings{Palankar:s3,
	Acmid = {1383526},
	Author = {Palankar, Mayur R. and Iamnitchi, Adriana and Ripeanu, Matei and Garfinkel, Simson},
	Booktitle = {Proceedings of the International Workshop on Data-Aware Distributed Computing},
	Date-Added = {2011-04-12 15:29:29 +0800},
	Date-Modified = {2011-04-12 15:36:30 +0800},
	Doi = {http://doi.acm.org/10.1145/1383519.1383526},
	Isbn = {978-1-60558-154-5},
	Location = {Boston, MA, USA},
	Numpages = {10},
	Publisher = {ACM},
	Title = {{Amazon S3 for Science Grids: A Viable Solution?}},
	Url = {http://doi.acm.org/10.1145/1383519.1383526},
	Year = {2008},
	Bdsk-Url-1 = {http://doi.acm.org/10.1145/1383519.1383526}}

@inproceedings{yu:xen-hpc,
	Author = {Weikuan Yu and Jeffrey S. Vetter},
	Booktitle = {IEEE International Symposium on Cluster Computing and the Grid},
	Date-Added = {2011-04-12 15:24:56 +0800},
	Date-Modified = {2011-04-12 15:39:06 +0800},
	Doi = {http://doi.ieeecomputersociety.org/10.1109/CCGRID.2008.119},
	Isbn = {978-0-7695-3156-4},
	Publisher = {IEEE Computer Society},
	Title = {{Xen-Based HPC: A Parallel I/O Perspective}},
	Year = {2008},
	Bdsk-Url-1 = {http://doi.ieeecomputersociety.org/10.1109/CCGRID.2008.119}}

@inproceedings{hill:ec2,
	Author = {Hill, Z. and Humphrey, M.},
	Booktitle = {Proceedings of the 10th IEEE/ACM International Conference on Grid Computing},
	Date-Added = {2011-04-12 15:17:35 +0800},
	Date-Modified = {2011-04-12 15:20:02 +0800},
	Doi = {10.1109/GRID.2009.5353067},
	Keywords = {EC2 infrastructure;HPC cluster;business IT community;elastic compute cloud;high performance computing;network shaping;performance impact;quantitative analysis;scientific computation;parallel processing;software performance evaluation;},
	Title = {{A Quantitative Analysis of High Performance Computing with Amazon's EC2 Infrastructure: The Death of the Local Cluster?}},
	Year = {2009},
	Bdsk-Url-1 = {http://dx.doi.org/10.1109/GRID.2009.5353067}}

@inproceedings{wang:network,
	Author = {Guohui Wang and Ng, T.S.E.},
	Booktitle = {Proceedings of IEEE INFOCOM, },
	Date-Added = {2011-04-12 15:14:34 +0800},
	Date-Modified = {2011-04-12 15:15:28 +0800},
	Doi = {10.1109/INFCOM.2010.5461931},
	Issn = {0743-166X},
	Keywords = {Amazon elastic cloud computing data center;TCP/UDP throughput;cloud computing services;cloud service providers;computing resources;data center network;machine virtualization;network performance;networking performance;packet delay;packet loss;processor sharing;virtual machines;Internet;computer centres;performance evaluation;virtual machines;},
	Title = {The Impact of Virtualization on Network Performance of Amazon EC2 Data Center},
	Year = {2010},
	Bdsk-Url-1 = {http://dx.doi.org/10.1109/INFCOM.2010.5461931}}

@inproceedings{wang:pricing,
	Acmid = {1863109},
	Author = {Wang, Hongyi and Jing, Qingfeng and Chen, Rishan and He, Bingsheng and Qian, Zhengping and Zhou, Lidong},
	Booktitle = {Proceedings of the 2nd USENIX conference on Hot topics in cloud computing},
	Date-Added = {2011-04-12 15:05:00 +0800},
	Date-Modified = {2011-04-12 15:06:17 +0800},
	Location = {Boston, MA},
	Numpages = {1},
	Publisher = {USENIX Association},
	Series = {HotCloud'10},
	Title = {{Distributed Systems Meet Economics: Pricing in the Cloud}},
	Url = {http://portal.acm.org/citation.cfm?id=1863103.1863109},
	Year = {2010},
	Bdsk-Url-1 = {http://portal.acm.org/citation.cfm?id=1863103.1863109}}

@inproceedings{Napper:cloud-500,
	Acmid = {1531671},
	Address = {New York, NY, USA},
	Author = {Napper, Jeffrey and Bientinesi, Paolo},
	Booktitle = {Proceedings of the combined workshops on UnConventional high performance computing workshop plus memory access workshop},
	Date-Added = {2011-04-12 14:59:43 +0800},
	Date-Modified = {2011-04-12 15:01:10 +0800},
	Doi = {http://doi.acm.org/10.1145/1531666.1531671},
	Isbn = {978-1-60558-557-4},
	Keywords = {amazon, cloud computing, hpl},
	Numpages = {4},
	Publisher = {ACM},
	Title = {{Can Cloud Computing Reach the Top500?}},
	Url = {http://doi.acm.org/10.1145/1531666.1531671},
	Year = {2009},
	Bdsk-Url-1 = {http://doi.acm.org/10.1145/1531666.1531671}}

@article{walker:ec2,
	Author = {Edward Walker},
	Date-Added = {2011-04-12 14:54:28 +0800},
	Date-Modified = {2011-04-12 14:57:05 +0800},
	Journal = {Login},
	Number = {5},
	Title = {{Benchmarking Amazon EC2 for High-Performance Scientific Computing}},
	Volume = {33},
	Year = {2008}}

@inproceedings{vecchiola:hpc-cloud,
	Author = {Christian Vecchiola and Suraj Pandey and Rajkumar Buyya},
	Booktitle = {International Symposium on Parallel Architectures, Algorithms, and Networks},
	Date-Added = {2011-04-12 14:20:13 +0800},
	Date-Modified = {2011-04-12 14:22:00 +0800},
	Doi = {http://doi.ieeecomputersociety.org/10.1109/I-SPAN.2009.150},
	Isbn = {978-0-7695-3908-9},
	Publisher = {IEEE Computer Society},
	Title = {High-Performance Cloud Computing: A View of Scientific Applications},
	Year = {2009},
	Bdsk-Url-1 = {http://doi.ieeecomputersociety.org/10.1109/I-SPAN.2009.150}}

@article{iosup:cloud-workflow,
	Author = {Alexandru Iosup and Simon Ostermann and Nezih Yigitbasi and Radu Prodan and Thomas Fahringer and Dick Epema},
	Date-Added = {2011-04-12 12:46:44 +0800},
	Date-Modified = {2011-04-12 12:47:58 +0800},
	Doi = {http://doi.ieeecomputersociety.org/10.1109/TPDS.2011.66},
	Issn = {1045-9219},
	Journal = {IEEE Transactions on Parallel and Distributed Systems},
	Publisher = {IEEE Computer Society},
	Title = {Performance Analysis of Cloud Computing Services for Many-Tasks Scientific Computing},
	Volume = {99},
	Year = {2011},
	Bdsk-Url-1 = {http://doi.ieeecomputersociety.org/10.1109/TPDS.2011.66}}

@inproceedings{Ostermann:ec2,
	Author = {Simon Ostermann and Alexandria Iosup and Nezih Yigitbasi and Radu Prodan and Thomas Fahringer and Dick Epema},
	Booktitle = {Lecture Notes of the Institute for Computer Sciences, Social Informatics and Telecommunications Engineering},
	Date-Added = {2011-04-12 11:53:26 +0800},
	Date-Modified = {2011-04-12 11:57:18 +0800},
	Title = {A Performance Analysis of EC2 Cloud Computing Services for Scientific Computing},
	Year = {2010}}

@inproceedings{marshall:extend,
	Acmid = {1845214},
	Author = {Marshall, Paul and Keahey, Kate and Freeman, Tim},
	Booktitle = {{Proceedings of the 2010 10th IEEE/ACM International Conference on Cluster, Cloud and Grid Computing}},
	Date-Added = {2011-04-12 10:44:01 +0800},
	Date-Modified = {2011-04-12 10:46:32 +0800},
	Doi = {http://dx.doi.org/10.1109/CCGRID.2010.80},
	Isbn = {978-0-7695-4039-9},
	Keywords = {Cloud computing, Infrastructure-as-a-Service},
	Numpages = {10},
	Title = {{Elastic Site: Using Clouds to Elastically Extend Site Resources}},
	Url = {http://dx.doi.org/10.1109/CCGRID.2010.80},
	Year = {2010},
	Bdsk-Url-1 = {http://dx.doi.org/10.1109/CCGRID.2010.80}}

@inproceedings{abe:pfs-cloud,
	Author = {Yoshihisa Abe and Garth Gibson},
	Booktitle = {{Workshop on Interfaces and Abstractions for Scientific Data Storage}},
	Date-Added = {2011-04-12 10:36:48 +0800},
	Date-Modified = {2011-04-12 10:38:52 +0800},
	Title = {{pWalrus: Towards Better Integration of Parallel File Systems into Cloud Storage}},
	Year = {2010}}

@article{Hoffa:cloud-workflow,
	Address = {Los Alamitos, CA, USA},
	Author = {Christina Hoffa and Gaurang Mehta and Tim Freeman and Ewa Deelman and Kate Keahey and Bruce Berriman and John Good},
	Date-Added = {2011-04-12 09:56:33 +0800},
	Date-Modified = {2011-04-12 09:57:26 +0800},
	Doi = {http://doi.ieeecomputersociety.org/10.1109/eScience.2008.167},
	Isbn = {978-0-7695-3535-7},
	Journal = {{IEEE International Conference on eScience}},
	Pages = {640-645},
	Publisher = {IEEE Computer Society},
	Title = {{On the Use of Cloud Computing for Scientific Workflows}},
	Year = {2008},
	Bdsk-Url-1 = {http://doi.ieeecomputersociety.org/10.1109/eScience.2008.167}}

@inproceedings{keahey:cloud-experience,
	Author = {K. Keahey and R. Figueiredo and J. Fortes and T. Freeman and M. Tsugawa},
	Booktitle = {{The 1st Workshop on Cloud Computing and its Applications (CCA)}},
	Date-Added = {2011-04-12 09:50:48 +0800},
	Date-Modified = {2011-04-12 09:54:56 +0800},
	Title = {{Science Clouds: Early Experiences in Cloud Computing for Scientific Applications}},
	Year = {2008}}

@inproceedings{evangelinos:cloud-hpc,
	Author = {Constantinos Evangelinos and Chris Hill},
	Booktitle = {{The 1st Workshop on Cloud Computing and its Applications (CCA)}},
	Date-Added = {2011-04-12 09:39:02 +0800},
	Date-Modified = {2011-04-12 09:42:12 +0800},
	Title = {{Cloud Computing for parallel Scientific HPC Applications: Feasibility of Running Coupled Atmosphere-Ocean Climate Models on Amazon's EC2}},
	Year = {2008}}

@misc{cycle:10000-core,
	Date-Added = {2011-04-12 09:31:43 +0800},
	Date-Modified = {2011-04-12 11:18:15 +0800},
	Howpublished = {http://www.theregister.co.uk/2011/04/06/ cycle\_computing\_hpc\_cloud},
	Keywords = {cycle},
	Month = {April},
	Title = {{Cycle Computing Fires Up 10,000-Core HPC Cloud on EC2}},
	Year = {2011}}

@misc{amazon:hpc,
	Author = {{Amazon Inc.}},
	Date-Added = {2011-04-11 15:44:43 +0800},
	Date-Modified = {2011-04-11 15:52:30 +0800},
	Howpublished = {http://aws.amazon.com/ec2/hpc-applications/},
	Keywords = {Amazon},
	Lastchecked = {2011},
	Read = {Yes},
	Title = {{High Performance Computing (HPC)}},
	Urldate = {http://aws.amazon.com/ec2/hpc-applications/},
	Year = {2011}}

@inproceedings{juve:workflow-io,
	Author = {Juve, Gideon and Deelman, Ewa and Vahi, Karan and Mehta, Gaurang and Berriman, Bruce and Berman, Benjamin P. and Maechling, Phil},
	Booktitle = {SC'10},
	Date-Modified = {2011-04-12 09:59:19 +0800},
	Pages = {1--9},
	Title = {Data Sharing Options for Scientific Workflows on Amazon EC2},
	Year = {2010}}

@misc{amazon:ec2,
	Author = {{Amazon Inc.}},
	Date-Modified = {2011-04-11 15:54:22 +0800},
	Howpublished = {http://aws.amazon.com/ec2},
	Title = {{Amazon Elastic Compute Cloud (Amazon EC2)}},
	Year = {2011},
	Bdsk-Url-1 = {http://aws.amazon.com/ec2/hpc-applications/}}

@conference{bib:ior,
	Author = {Shan, H. and Antypas, K. and Shalf, J.},
	Booktitle = {SC'08},
	Organization = {IEEE Press},
	Pages = {42},
	Title = {{Characterizing and predicting the I/O performance of HPC applications using a parameterized synthetic benchmark}},
	Year = {2008}}

@conference{bib:pvfs,
	Author = {Carns, P.H. and Ligon III, W.B. and Ross, R.B. and Thakur, R.},
	Booktitle = {Proceedings of the 4th annual Linux Showcase \& Conference-Volume 4},
	Organization = {USENIX Association},
	Pages = {28--28},
	Title = {{PVFS: A parallel file system for Linux clusters}},
	Year = {2000}}

@techreport{bib:grapes-tr,
	Institution= {Tsinghua University},
	Date-Modified = {2011-04-22 12:08:32 +0800},
	note = {\url{http://www.hpctest.org.cn/resources/cloud.pdf}},
	Title = {Technical Report R2011.4.10}}

@misc{intel:imb,
	Author = {{Intel Inc.}},
	Date-Modified = {2011-04-11 15:54:22 +0800},
	Howpublished = {http://software.intel.com/en-us/articles/intel-mpi-benchmarks/},
	Title = {{Intel MPI Benchmarks}},
	Year = {2011},
	Bdsk-Url-1 = {http://software.intel.com/en-us/articles/intel-mpi-benchmarks/}}

@article{chen2008new,
	Author = {Chen, D.H. and Xue, J.S. and Yang, X.S. and Zhang, H.L. and Shen, X.S. and Hu, J.L. and Wang, Y. and Ji, L.R. and Chen, J.B.},
	Issn = {1001-6538},
	Journal = {Chinese Science Bulletin},
	Number = {22},
	Pages = {3433--3445},
	Publisher = {Springer},
	Title = {{New generation of multi-scale NWP system (GRAPES): general scientific design}},
	Volume = {53},
	Year = {2008}}

@inproceedings{jackson2010performance,
  title={Performance Analysis of High Performance Computing Applications on the Amazon Web Services Cloud},
  author={Jackson, K.R. and Ramakrishnan, L. and Muriki, K. and Canon, S. and Cholia, S. and Shalf, J. and Wasserman, H.J. and Wright, N.J.},
  booktitle={2nd IEEE International Conference on Cloud Computing Technology and Science},
  pages={159--168},
  year={2010},
  organization={IEEE}
}
