@misc{c10k,
  Title = {{C10K problem}},
  Howpublished = {http://www.kegel.com/c10k.html},
  Bdsk-Url-1 = {http://www.kegel.com/c10k.html}
}
@inproceedings{sigmetrics:cache,
  title={Automatic measurement of memory hierarchy parameters},
  author={Yotov, K. and Pingali, K. and Stodghill, P.},
  booktitle={ACM SIGMETRICS Performance Evaluation Review},
  volume={33},
  number={1},
  pages={181--192},
  year={2005},
  organization={ACM}
}
