@inproceedings{apsys2011,
  title={{One Optimized I/O Configuration per HPC Application: Leveraging the
      Configurability of Cloud}},
  author={Mingliang Liu and Jidong Zhai and Yan Zhai and Xiaosong Ma and Wenguang Chen},
  booktitle={Proceedings of the second ACM Asia-Pacific Workshop on Systems},
  pages={},
  year={2011},
  organization={ACM}
}

@conference{hpcc10,
  title={{A Novel Memory Subsystem Evaluation Framework for Chip Multiprocessors}},
  author={Fucen Zeng and Lin Qiao and Mingliang Liu and Zhizhong Tang},
  booktitle={2010 12th IEEE International Conference on High Performance Computing and Communications},
  pages={231--238},
  year={2010},
  organization={IEEE}
}

@inproceedings{liu2009extensible,
  title={An extensible memory simulation framework for chip multi-processors},
  author={Mingliang Liu and Lin Qiao and Yu Chen and Fucen Zeng and Chao Zhang},
  booktitle={Computational Intelligence and Software Engineering, 2009. CiSE 2009. International Conference on},
  pages={1--5},
  year={2009},
  organization={IEEE}
}

@inproceedings{cccm2010,
  title={Exploring Data Prefetching Mechanisms for Last Level Cache in Chip Multi-processors},
  author={Mingliang Liu and Lin Qiao and Fucen Zeng and Zhizhong Tang},
  booktitle={2010 International Colloquium on Computing, Communication, Control, and Management (CCCM 2010). Yangzhou, Aug},
  pages={1-4},
  organization={IEEE}
}

